@book{book:halbleiterSchaltungstechnik,
   title =     {Halbleiter-Schaltungstechnik},
   author =    {Ulrich Tietze, Christoph Schenk, E. Gamm},
   publisher = {Springer},
   isbn =      {3-540-42849-6},
   year =      {2002},
   edition =   {12},
   url =       {http://gen.lib.rus.ec/book/index.php?md5=C46211AF63FD147F28BB86E53DA4E1B5}
}

@book{book:elektrischeMesstechnik,
   title =     {Elektrische Messtechnik},
   author =    {Elmar Schrüfer,Leonhard Reindl,Bernhard Zagar},
   publisher = {Hanser},
   isbn =      {978-3-446-43079-2},
   year =      {2012},
   edition =   {10},
}

@book{book:werkzeugmaschinen,
	title =     {Werkzeugmaschinen Fertigungssysteme 3: Mechatronische Systeme: Vorschubantriebe und Prozessdiagnose},
	author =    {Prof. Dr.-Ing. Dr.-Ing. E. h. Manfred Weck (auth.)},
	publisher = {Springer Berlin Heidelberg},
	isbn =      {978-3-662-10917-5,978-3-662-10916-8},
	year =      {2001},
	edition =   {5},
	url =       {http://gen.lib.rus.ec/book/index.php?md5=2129B0FAF8DBAFC1B5BF9BC3CA5D6B8E}
}

@book{book:evolvableSystems,
	title =     {Evolvable Systems: From Biology to Hardware: 5th International Conference, ICES 2003, Trondheim, Norway, March 17-20, 2003. Proceedings},
	author =    {Gerhard Goos, Juris Hartmanis, Jan van Leeuwen, Andy M. Tyrrell, Pauline C. Haddow, Jim Torresen},
	publisher = {Springer-Verlag Berlin Heidelberg New York},
	isbn =      {978-3-486-71265-0},
	year =      {2003},
	edition =   {5}
}

@book{book:elMaschienenAktuatoren,
	title =     {Elektrische Maschinen und Aktoren},
	author =    {Prof. Dr.-Ing. Wolfgang Gerke},
	publisher = {Oldenbourg Verlag München},
	isbn =      {3-540-00730-X},
	year =      {2012}
}

@book{book:elAntriebstechnik,
	title =     {Elektrische Antriebstechnik},
	author =    {Rainer Hagl},
	publisher = {Carl Hanser Verlag München},
	isbn =      {978-3-446-44270-2},
	year =      {2015},
	edition =   {2}
}

@book{book:bauelementGrundschaltungen,
	title =     {Bauelemente und Grundschaltungen},
	author =    {Professor Dipl.-Ing. Joachim Goerth},
	publisher = {B. G. Teubner Stuttgart - Leibzig},
	isbn =      {978-3-519-06258-5,978-3-322-87191-6},
	year =      {1999},
	edition =   {1},
	url =       {http://gen.lib.rus.ec/book/index.php?md5=EBAAD7BF8F5332872DD2D818567B833B}
}

@book{book:pulseOximeters,
	title =     {Design of pulse oximeters},
	author =    {John G Webster},
	publisher = {Taylor "\&" Francis Group, LLC},
	isbn =      {0-7503-0467-7},
	year =      {1997},
	series =    {Medical science series},
	url =       {http://gen.lib.rus.ec/book/index.php?md5=58A4D7885CA729852F8255878CA66CB9}
}

@online{web:quadrantendiode,
  author = {Wikipedia},
  title = {Quadrantendiode},
  year = 2017,
  url = {https://de.wikipedia.org/wiki/Quadrantendiode},
  urldate = {2017-01--4}
}

@online{web:schrittmotor,
  author = {Wikipedia},
  title = {Schrittmotor},
  year = 2017,
  url = {https://de.wikipedia.org/wiki/Schrittmotor},
  urldate = {2017-01--4}
}
