@proceedings{ICT07,
	title = {ICT-Homepage},
	year = {2007},
	month = {May},
	note = {\url{www.ict.tuwien.ac.at}},
	organization = {Institute of Computer Technology}
}

@proceedings{merk,
	year = {2007},
	month = {May},
	note = {\url{www.ict.tuwien.ac.at/skripten/Merkblatt/}},
	organization = {Merkblatt f\"ur den Aufbau wissenschaftlicher Arbeiten.}
}

